<?xml version="1.0" encoding="UTF-8"?><collection xmlns="http://www.loc.gov/MARC21/slim"><record><leader>00378nam--2200121-i-4500</leader><controlfield tag="001">000016325</controlfield><controlfield tag="002">20161230</controlfield><controlfield tag="005">20161230201031</controlfield><controlfield tag="008">060222s1000------------r-----000-0-eng-d</controlfield><datafield ind1=" " ind2=" " tag="100"><subfield code="a">Falnes,Johannes</subfield></datafield><datafield ind1=" " ind2=" " tag="245"><subfield code="a">Excitation of space charge waves and their effect on the electric impedence of thin semiconductor wafers</subfield></datafield><datafield ind1=" " ind2=" " tag="260"><subfield code="a">Trondheim,Universitetet,1972. Pag.Dif</subfield></datafield><datafield ind1=" " ind2=" " tag="852"><subfield code="a">78132</subfield></datafield></record></collection>